<?xml version="1.0" encoding="UTF-8"?><collection xmlns="http://www.loc.gov/MARC21/slim"><record><leader>00456nam--2200133-i-4500</leader><controlfield tag="001">000039435</controlfield><controlfield tag="002">20161230</controlfield><controlfield tag="005">20161230201042</controlfield><controlfield tag="008">060222s1000------------r-----000-0-eng-d</controlfield><datafield ind1=" " ind2=" " tag="080"><subfield code="a">66.061.5(043)</subfield></datafield><datafield ind1=" " ind2=" " tag="100"><subfield code="a">Rocca, Jean-louis</subfield></datafield><datafield ind1=" " ind2=" " tag="245"><subfield code="a">Etude d`un oxide de carboxy-alkil-diphenylphosphine en extraction liquide-liquide et de ses possibilites en chromatographie extractive. /these</subfield></datafield><datafield ind1=" " ind2=" " tag="260"><subfield code="a">Lyon, L`Univ.Claude Bernard, Lyon, 1972, 117p</subfield></datafield><datafield ind1=" " ind2=" " tag="852"><subfield code="a">40492</subfield></datafield></record></collection>